<?xml version="1.0" encoding="UTF-8"?><collection xmlns="http://www.loc.gov/MARC21/slim"><record><leader>00361nam--2200145-i-4500</leader><controlfield tag="001">000005886</controlfield><controlfield tag="002">20161230</controlfield><controlfield tag="005">20170114214918</controlfield><controlfield tag="008">060222s1000------------r-----000-0-eng-d</controlfield><datafield ind1=" " ind2=" " tag="080"><subfield code="a">541.1(076.1)</subfield></datafield><datafield ind1=" " ind2=" " tag="245"><subfield code="a">Calcule si probleme de chimie fizica</subfield></datafield><datafield ind1=" " ind2=" " tag="260"><subfield code="a">Bucuresti</subfield><subfield code="b">Editura Tehnica</subfield><subfield code="c">1959</subfield></datafield><datafield ind1=" " ind2=" " tag="300"><subfield code="a">466 p</subfield></datafield><datafield ind1=" " ind2=" " tag="852"><subfield code="a">6085</subfield></datafield><datafield ind1=" " ind2=" " tag="CAT"><subfield code="a">SYS</subfield><subfield code="c">20170114</subfield><subfield code="h">214918</subfield></datafield></record></collection>